@misc{cite0,
	author = {Stefan Banach, Alfred Tarski},
    title = {sur la décomposition des ensembles de points en
parties respectivement congruentes},
    year = 1924,
		note = "Fundamenta Mathematicae",
		howpublished = {\url{http://matwbn.icm.edu.pl/ksiazki/fm/fm6/fm6127.pdf}}
}

@misc{cite1,
	author = {Capes},
    title = {deuxième composition de mathématiques},
   	howpublished = {\url{https://capes-math.univ-rennes1.fr/capes-pdf/Annales/2004-2.pdf}},
    year = 2004,
}

@misc{cite2,
	author = {Wikipedia},
    title = {Banach–Tarski paradox},
   	howpublished = {\url{https://en.wikipedia.org/wiki/Banach%E2%80%93Tarski_paradox}},
}


@misc{cite3,
	author = {UNIVERSALIS},
    title = {Le problème de la mesure «universelle»},
   	howpublished = {\url{https://www.universalis.fr/encyclopedie/stefan-banach/3-le-probleme-de-la-mesure-universelle/}},
}

@misc{cite4,
	author = {Stefan Banach},
    title = {Sur le problème de la mesure},
   	howpublished = {\url{http://matwbn.icm.edu.pl/ksiazki/fm/fm4/fm412.pdf}},
}

@misc{cite5,
	author = {Wikipedia},
    title = {Axiome du choix},
   	howpublished = {\url{https://fr.wikipedia.org/wiki/Axiome_du_choix}},
}
@misc{cite6,
	author = {Wikipedia},
    title = {Théorème de Wallace-Bolyai-Gerwien},
   	howpublished = {\url{https://fr.wikipedia.org/wiki/Th%C3%A9or%C3%A8me_de_Wallace-Bolyai-Gerwien}},
}
